%YAML 1.1
%TAG !u! tag:unity3d.com,2011:
--- !u!1 &6357013113257415018
GameObject:
  m_ObjectHideFlags: 0
  m_CorrespondingSourceObject: {fileID: 0}
  m_PrefabInstance: {fileID: 0}
  m_PrefabAsset: {fileID: 0}
  serializedVersion: 6
  m_Component:
  - component: {fileID: 6357013113257414996}
  - component: {fileID: 6357013113257415019}
  m_Layer: 0
  m_Name: Level6
  m_TagString: Untagged
  m_Icon: {fileID: 0}
  m_NavMeshLayer: 0
  m_StaticEditorFlags: 0
  m_IsActive: 1
--- !u!4 &6357013113257414996
Transform:
  m_ObjectHideFlags: 0
  m_CorrespondingSourceObject: {fileID: 0}
  m_PrefabInstance: {fileID: 0}
  m_PrefabAsset: {fileID: 0}
  m_GameObject: {fileID: 6357013113257415018}
  m_LocalRotation: {x: 0, y: 0, z: 0, w: 1}
  m_LocalPosition: {x: -20.052567, y: 1.1555755, z: 0}
  m_LocalScale: {x: 1, y: 1, z: 1}
  m_Children:
  - {fileID: 4994817595505927267}
  - {fileID: 6357013112990242424}
  - {fileID: 6357013112200442111}
  - {fileID: 9095419778729089371}
  - {fileID: 893466188921097073}
  - {fileID: 7916319143686812087}
  - {fileID: 769199013130098455}
  - {fileID: 9080679589770638048}
  - {fileID: 7427747810645102662}
  m_Father: {fileID: 0}
  m_RootOrder: 0
  m_LocalEulerAnglesHint: {x: 0, y: 0, z: 0}
--- !u!114 &6357013113257415019
MonoBehaviour:
  m_ObjectHideFlags: 0
  m_CorrespondingSourceObject: {fileID: 0}
  m_PrefabInstance: {fileID: 0}
  m_PrefabAsset: {fileID: 0}
  m_GameObject: {fileID: 6357013113257415018}
  m_Enabled: 1
  m_EditorHideFlags: 0
  m_Script: {fileID: 11500000, guid: 4438cd5154f673743998097c4c9123a2, type: 3}
  m_Name: 
  m_EditorClassIdentifier: 
  enemySpawnZones: []
  winAreaSpawnZones: []
  winAreasCount: 1
  enemiesCount: 2
--- !u!1001 &917146070221843097
PrefabInstance:
  m_ObjectHideFlags: 0
  serializedVersion: 2
  m_Modification:
    m_TransformParent: {fileID: 6357013113257414996}
    m_Modifications:
    - target: {fileID: 6089709759814925537, guid: 312197266e0828841842d3ad00411cc4,
        type: 3}
      propertyPath: m_LocalPosition.x
      value: 0
      objectReference: {fileID: 0}
    - target: {fileID: 6089709759814925537, guid: 312197266e0828841842d3ad00411cc4,
        type: 3}
      propertyPath: m_LocalPosition.y
      value: 0
      objectReference: {fileID: 0}
    - target: {fileID: 6089709759814925537, guid: 312197266e0828841842d3ad00411cc4,
        type: 3}
      propertyPath: m_LocalPosition.z
      value: 0
      objectReference: {fileID: 0}
    - target: {fileID: 6089709759814925537, guid: 312197266e0828841842d3ad00411cc4,
        type: 3}
      propertyPath: m_LocalRotation.x
      value: -0
      objectReference: {fileID: 0}
    - target: {fileID: 6089709759814925537, guid: 312197266e0828841842d3ad00411cc4,
        type: 3}
      propertyPath: m_LocalRotation.y
      value: -0
      objectReference: {fileID: 0}
    - target: {fileID: 6089709759814925537, guid: 312197266e0828841842d3ad00411cc4,
        type: 3}
      propertyPath: m_LocalRotation.z
      value: -0
      objectReference: {fileID: 0}
    - target: {fileID: 6089709759814925537, guid: 312197266e0828841842d3ad00411cc4,
        type: 3}
      propertyPath: m_LocalRotation.w
      value: 1
      objectReference: {fileID: 0}
    - target: {fileID: 6089709759814925537, guid: 312197266e0828841842d3ad00411cc4,
        type: 3}
      propertyPath: m_RootOrder
      value: 1
      objectReference: {fileID: 0}
    - target: {fileID: 6089709759814925537, guid: 312197266e0828841842d3ad00411cc4,
        type: 3}
      propertyPath: m_LocalEulerAnglesHint.x
      value: 0
      objectReference: {fileID: 0}
    - target: {fileID: 6089709759814925537, guid: 312197266e0828841842d3ad00411cc4,
        type: 3}
      propertyPath: m_LocalEulerAnglesHint.y
      value: 0
      objectReference: {fileID: 0}
    - target: {fileID: 6089709759814925537, guid: 312197266e0828841842d3ad00411cc4,
        type: 3}
      propertyPath: m_LocalEulerAnglesHint.z
      value: 0
      objectReference: {fileID: 0}
    - target: {fileID: 6089709759814925542, guid: 312197266e0828841842d3ad00411cc4,
        type: 3}
      propertyPath: m_Name
      value: Borders
      objectReference: {fileID: 0}
    m_RemovedComponents: []
  m_SourcePrefab: {fileID: 100100000, guid: 312197266e0828841842d3ad00411cc4, type: 3}
--- !u!4 &6357013112990242424 stripped
Transform:
  m_CorrespondingSourceObject: {fileID: 6089709759814925537, guid: 312197266e0828841842d3ad00411cc4,
    type: 3}
  m_PrefabInstance: {fileID: 917146070221843097}
  m_PrefabAsset: {fileID: 0}
--- !u!1001 &1933174058308700882
PrefabInstance:
  m_ObjectHideFlags: 0
  serializedVersion: 2
  m_Modification:
    m_TransformParent: {fileID: 6357013113257414996}
    m_Modifications:
    - target: {fileID: 1186907396561100223, guid: ce5d6a05c3a8a1942895902e29434f94,
        type: 3}
      propertyPath: m_Name
      value: Enemy
      objectReference: {fileID: 0}
    - target: {fileID: 1186907396561100229, guid: ce5d6a05c3a8a1942895902e29434f94,
        type: 3}
      propertyPath: m_LocalPosition.x
      value: -2.1
      objectReference: {fileID: 0}
    - target: {fileID: 1186907396561100229, guid: ce5d6a05c3a8a1942895902e29434f94,
        type: 3}
      propertyPath: m_LocalPosition.y
      value: -3.86
      objectReference: {fileID: 0}
    - target: {fileID: 1186907396561100229, guid: ce5d6a05c3a8a1942895902e29434f94,
        type: 3}
      propertyPath: m_LocalPosition.z
      value: 0
      objectReference: {fileID: 0}
    - target: {fileID: 1186907396561100229, guid: ce5d6a05c3a8a1942895902e29434f94,
        type: 3}
      propertyPath: m_LocalRotation.x
      value: -0
      objectReference: {fileID: 0}
    - target: {fileID: 1186907396561100229, guid: ce5d6a05c3a8a1942895902e29434f94,
        type: 3}
      propertyPath: m_LocalRotation.y
      value: -0
      objectReference: {fileID: 0}
    - target: {fileID: 1186907396561100229, guid: ce5d6a05c3a8a1942895902e29434f94,
        type: 3}
      propertyPath: m_LocalRotation.z
      value: -0
      objectReference: {fileID: 0}
    - target: {fileID: 1186907396561100229, guid: ce5d6a05c3a8a1942895902e29434f94,
        type: 3}
      propertyPath: m_LocalRotation.w
      value: 1
      objectReference: {fileID: 0}
    - target: {fileID: 1186907396561100229, guid: ce5d6a05c3a8a1942895902e29434f94,
        type: 3}
      propertyPath: m_RootOrder
      value: 6
      objectReference: {fileID: 0}
    - target: {fileID: 1186907396561100229, guid: ce5d6a05c3a8a1942895902e29434f94,
        type: 3}
      propertyPath: m_LocalEulerAnglesHint.x
      value: 0
      objectReference: {fileID: 0}
    - target: {fileID: 1186907396561100229, guid: ce5d6a05c3a8a1942895902e29434f94,
        type: 3}
      propertyPath: m_LocalEulerAnglesHint.y
      value: 0
      objectReference: {fileID: 0}
    - target: {fileID: 1186907396561100229, guid: ce5d6a05c3a8a1942895902e29434f94,
        type: 3}
      propertyPath: m_LocalEulerAnglesHint.z
      value: 0
      objectReference: {fileID: 0}
    m_RemovedComponents: []
  m_SourcePrefab: {fileID: 100100000, guid: ce5d6a05c3a8a1942895902e29434f94, type: 3}
--- !u!4 &769199013130098455 stripped
Transform:
  m_CorrespondingSourceObject: {fileID: 1186907396561100229, guid: ce5d6a05c3a8a1942895902e29434f94,
    type: 3}
  m_PrefabInstance: {fileID: 1933174058308700882}
  m_PrefabAsset: {fileID: 0}
--- !u!1001 &2026205585945925300
PrefabInstance:
  m_ObjectHideFlags: 0
  serializedVersion: 2
  m_Modification:
    m_TransformParent: {fileID: 6357013113257414996}
    m_Modifications:
    - target: {fileID: 1186907396561100223, guid: ce5d6a05c3a8a1942895902e29434f94,
        type: 3}
      propertyPath: m_Name
      value: Enemy
      objectReference: {fileID: 0}
    - target: {fileID: 1186907396561100229, guid: ce5d6a05c3a8a1942895902e29434f94,
        type: 3}
      propertyPath: m_LocalPosition.x
      value: -0.73
      objectReference: {fileID: 0}
    - target: {fileID: 1186907396561100229, guid: ce5d6a05c3a8a1942895902e29434f94,
        type: 3}
      propertyPath: m_LocalPosition.y
      value: -1.03
      objectReference: {fileID: 0}
    - target: {fileID: 1186907396561100229, guid: ce5d6a05c3a8a1942895902e29434f94,
        type: 3}
      propertyPath: m_LocalPosition.z
      value: 0
      objectReference: {fileID: 0}
    - target: {fileID: 1186907396561100229, guid: ce5d6a05c3a8a1942895902e29434f94,
        type: 3}
      propertyPath: m_LocalRotation.x
      value: -0
      objectReference: {fileID: 0}
    - target: {fileID: 1186907396561100229, guid: ce5d6a05c3a8a1942895902e29434f94,
        type: 3}
      propertyPath: m_LocalRotation.y
      value: -0
      objectReference: {fileID: 0}
    - target: {fileID: 1186907396561100229, guid: ce5d6a05c3a8a1942895902e29434f94,
        type: 3}
      propertyPath: m_LocalRotation.z
      value: -0
      objectReference: {fileID: 0}
    - target: {fileID: 1186907396561100229, guid: ce5d6a05c3a8a1942895902e29434f94,
        type: 3}
      propertyPath: m_LocalRotation.w
      value: 1
      objectReference: {fileID: 0}
    - target: {fileID: 1186907396561100229, guid: ce5d6a05c3a8a1942895902e29434f94,
        type: 3}
      propertyPath: m_RootOrder
      value: 4
      objectReference: {fileID: 0}
    - target: {fileID: 1186907396561100229, guid: ce5d6a05c3a8a1942895902e29434f94,
        type: 3}
      propertyPath: m_LocalEulerAnglesHint.x
      value: 0
      objectReference: {fileID: 0}
    - target: {fileID: 1186907396561100229, guid: ce5d6a05c3a8a1942895902e29434f94,
        type: 3}
      propertyPath: m_LocalEulerAnglesHint.y
      value: 0
      objectReference: {fileID: 0}
    - target: {fileID: 1186907396561100229, guid: ce5d6a05c3a8a1942895902e29434f94,
        type: 3}
      propertyPath: m_LocalEulerAnglesHint.z
      value: 0
      objectReference: {fileID: 0}
    m_RemovedComponents: []
  m_SourcePrefab: {fileID: 100100000, guid: ce5d6a05c3a8a1942895902e29434f94, type: 3}
--- !u!4 &893466188921097073 stripped
Transform:
  m_CorrespondingSourceObject: {fileID: 1186907396561100229, guid: ce5d6a05c3a8a1942895902e29434f94,
    type: 3}
  m_PrefabInstance: {fileID: 2026205585945925300}
  m_PrefabAsset: {fileID: 0}
--- !u!1001 &6357013112765349230
PrefabInstance:
  m_ObjectHideFlags: 0
  serializedVersion: 2
  m_Modification:
    m_TransformParent: {fileID: 6357013113257414996}
    m_Modifications:
    - target: {fileID: 2119380806997678349, guid: 737294877e68e8943b215307ea4ac5f7,
        type: 3}
      propertyPath: m_LocalPosition.x
      value: 0
      objectReference: {fileID: 0}
    - target: {fileID: 2119380806997678349, guid: 737294877e68e8943b215307ea4ac5f7,
        type: 3}
      propertyPath: m_LocalPosition.y
      value: -5
      objectReference: {fileID: 0}
    - target: {fileID: 2119380806997678349, guid: 737294877e68e8943b215307ea4ac5f7,
        type: 3}
      propertyPath: m_LocalPosition.z
      value: 0
      objectReference: {fileID: 0}
    - target: {fileID: 2119380806997678349, guid: 737294877e68e8943b215307ea4ac5f7,
        type: 3}
      propertyPath: m_LocalRotation.x
      value: 0
      objectReference: {fileID: 0}
    - target: {fileID: 2119380806997678349, guid: 737294877e68e8943b215307ea4ac5f7,
        type: 3}
      propertyPath: m_LocalRotation.y
      value: 0
      objectReference: {fileID: 0}
    - target: {fileID: 2119380806997678349, guid: 737294877e68e8943b215307ea4ac5f7,
        type: 3}
      propertyPath: m_LocalRotation.z
      value: 0
      objectReference: {fileID: 0}
    - target: {fileID: 2119380806997678349, guid: 737294877e68e8943b215307ea4ac5f7,
        type: 3}
      propertyPath: m_LocalRotation.w
      value: 1
      objectReference: {fileID: 0}
    - target: {fileID: 2119380806997678349, guid: 737294877e68e8943b215307ea4ac5f7,
        type: 3}
      propertyPath: m_RootOrder
      value: 0
      objectReference: {fileID: 0}
    - target: {fileID: 2119380806997678349, guid: 737294877e68e8943b215307ea4ac5f7,
        type: 3}
      propertyPath: m_LocalEulerAnglesHint.x
      value: 0
      objectReference: {fileID: 0}
    - target: {fileID: 2119380806997678349, guid: 737294877e68e8943b215307ea4ac5f7,
        type: 3}
      propertyPath: m_LocalEulerAnglesHint.y
      value: 0
      objectReference: {fileID: 0}
    - target: {fileID: 2119380806997678349, guid: 737294877e68e8943b215307ea4ac5f7,
        type: 3}
      propertyPath: m_LocalEulerAnglesHint.z
      value: 0
      objectReference: {fileID: 0}
    - target: {fileID: 2119380806997678455, guid: 737294877e68e8943b215307ea4ac5f7,
        type: 3}
      propertyPath: m_Name
      value: Puck
      objectReference: {fileID: 0}
    m_RemovedComponents: []
  m_SourcePrefab: {fileID: 100100000, guid: 737294877e68e8943b215307ea4ac5f7, type: 3}
--- !u!4 &4994817595505927267 stripped
Transform:
  m_CorrespondingSourceObject: {fileID: 2119380806997678349, guid: 737294877e68e8943b215307ea4ac5f7,
    type: 3}
  m_PrefabInstance: {fileID: 6357013112765349230}
  m_PrefabAsset: {fileID: 0}
--- !u!1001 &7733265715083787156
PrefabInstance:
  m_ObjectHideFlags: 0
  serializedVersion: 2
  m_Modification:
    m_TransformParent: {fileID: 6357013113257414996}
    m_Modifications:
    - target: {fileID: 1543459413173674703, guid: 0b1c27f81b5b45047aba9b267cc4e242,
        type: 3}
      propertyPath: m_LocalPosition.x
      value: 0
      objectReference: {fileID: 0}
    - target: {fileID: 1543459413173674703, guid: 0b1c27f81b5b45047aba9b267cc4e242,
        type: 3}
      propertyPath: m_LocalPosition.y
      value: 6.75
      objectReference: {fileID: 0}
    - target: {fileID: 1543459413173674703, guid: 0b1c27f81b5b45047aba9b267cc4e242,
        type: 3}
      propertyPath: m_LocalPosition.z
      value: 0
      objectReference: {fileID: 0}
    - target: {fileID: 1543459413173674703, guid: 0b1c27f81b5b45047aba9b267cc4e242,
        type: 3}
      propertyPath: m_LocalRotation.x
      value: -0
      objectReference: {fileID: 0}
    - target: {fileID: 1543459413173674703, guid: 0b1c27f81b5b45047aba9b267cc4e242,
        type: 3}
      propertyPath: m_LocalRotation.y
      value: -0
      objectReference: {fileID: 0}
    - target: {fileID: 1543459413173674703, guid: 0b1c27f81b5b45047aba9b267cc4e242,
        type: 3}
      propertyPath: m_LocalRotation.z
      value: -0
      objectReference: {fileID: 0}
    - target: {fileID: 1543459413173674703, guid: 0b1c27f81b5b45047aba9b267cc4e242,
        type: 3}
      propertyPath: m_LocalRotation.w
      value: 1
      objectReference: {fileID: 0}
    - target: {fileID: 1543459413173674703, guid: 0b1c27f81b5b45047aba9b267cc4e242,
        type: 3}
      propertyPath: m_RootOrder
      value: 3
      objectReference: {fileID: 0}
    - target: {fileID: 1543459413173674703, guid: 0b1c27f81b5b45047aba9b267cc4e242,
        type: 3}
      propertyPath: m_LocalEulerAnglesHint.x
      value: 0
      objectReference: {fileID: 0}
    - target: {fileID: 1543459413173674703, guid: 0b1c27f81b5b45047aba9b267cc4e242,
        type: 3}
      propertyPath: m_LocalEulerAnglesHint.y
      value: 0
      objectReference: {fileID: 0}
    - target: {fileID: 1543459413173674703, guid: 0b1c27f81b5b45047aba9b267cc4e242,
        type: 3}
      propertyPath: m_LocalEulerAnglesHint.z
      value: 0
      objectReference: {fileID: 0}
    - target: {fileID: 1543459413173674703, guid: 0b1c27f81b5b45047aba9b267cc4e242,
        type: 3}
      propertyPath: m_LocalScale.x
      value: 5
      objectReference: {fileID: 0}
    - target: {fileID: 1543459413173674703, guid: 0b1c27f81b5b45047aba9b267cc4e242,
        type: 3}
      propertyPath: m_LocalScale.y
      value: 0.02
      objectReference: {fileID: 0}
    - target: {fileID: 6137222664401859967, guid: 0b1c27f81b5b45047aba9b267cc4e242,
        type: 3}
      propertyPath: m_Name
      value: WinAreaSpawnZone
      objectReference: {fileID: 0}
    m_RemovedComponents: []
  m_SourcePrefab: {fileID: 100100000, guid: 0b1c27f81b5b45047aba9b267cc4e242, type: 3}
--- !u!4 &9095419778729089371 stripped
Transform:
  m_CorrespondingSourceObject: {fileID: 1543459413173674703, guid: 0b1c27f81b5b45047aba9b267cc4e242,
    type: 3}
  m_PrefabInstance: {fileID: 7733265715083787156}
  m_PrefabAsset: {fileID: 0}
--- !u!1001 &7961713250341875493
PrefabInstance:
  m_ObjectHideFlags: 0
  serializedVersion: 2
  m_Modification:
    m_TransformParent: {fileID: 6357013113257414996}
    m_Modifications:
    - target: {fileID: 1186907396561100223, guid: ce5d6a05c3a8a1942895902e29434f94,
        type: 3}
      propertyPath: m_Name
      value: Enemy (1)
      objectReference: {fileID: 0}
    - target: {fileID: 1186907396561100229, guid: ce5d6a05c3a8a1942895902e29434f94,
        type: 3}
      propertyPath: m_LocalPosition.x
      value: -0.86872673
      objectReference: {fileID: 0}
    - target: {fileID: 1186907396561100229, guid: ce5d6a05c3a8a1942895902e29434f94,
        type: 3}
      propertyPath: m_LocalPosition.y
      value: 3.1826394
      objectReference: {fileID: 0}
    - target: {fileID: 1186907396561100229, guid: ce5d6a05c3a8a1942895902e29434f94,
        type: 3}
      propertyPath: m_LocalPosition.z
      value: 0
      objectReference: {fileID: 0}
    - target: {fileID: 1186907396561100229, guid: ce5d6a05c3a8a1942895902e29434f94,
        type: 3}
      propertyPath: m_LocalRotation.x
      value: -0
      objectReference: {fileID: 0}
    - target: {fileID: 1186907396561100229, guid: ce5d6a05c3a8a1942895902e29434f94,
        type: 3}
      propertyPath: m_LocalRotation.y
      value: -0
      objectReference: {fileID: 0}
    - target: {fileID: 1186907396561100229, guid: ce5d6a05c3a8a1942895902e29434f94,
        type: 3}
      propertyPath: m_LocalRotation.z
      value: -0
      objectReference: {fileID: 0}
    - target: {fileID: 1186907396561100229, guid: ce5d6a05c3a8a1942895902e29434f94,
        type: 3}
      propertyPath: m_LocalRotation.w
      value: 1
      objectReference: {fileID: 0}
    - target: {fileID: 1186907396561100229, guid: ce5d6a05c3a8a1942895902e29434f94,
        type: 3}
      propertyPath: m_RootOrder
      value: 7
      objectReference: {fileID: 0}
    - target: {fileID: 1186907396561100229, guid: ce5d6a05c3a8a1942895902e29434f94,
        type: 3}
      propertyPath: m_LocalEulerAnglesHint.x
      value: 0
      objectReference: {fileID: 0}
    - target: {fileID: 1186907396561100229, guid: ce5d6a05c3a8a1942895902e29434f94,
        type: 3}
      propertyPath: m_LocalEulerAnglesHint.y
      value: 0
      objectReference: {fileID: 0}
    - target: {fileID: 1186907396561100229, guid: ce5d6a05c3a8a1942895902e29434f94,
        type: 3}
      propertyPath: m_LocalEulerAnglesHint.z
      value: 0
      objectReference: {fileID: 0}
    m_RemovedComponents: []
  m_SourcePrefab: {fileID: 100100000, guid: ce5d6a05c3a8a1942895902e29434f94, type: 3}
--- !u!4 &9080679589770638048 stripped
Transform:
  m_CorrespondingSourceObject: {fileID: 1186907396561100229, guid: ce5d6a05c3a8a1942895902e29434f94,
    type: 3}
  m_PrefabInstance: {fileID: 7961713250341875493}
  m_PrefabAsset: {fileID: 0}
--- !u!1001 &8605275780313845123
PrefabInstance:
  m_ObjectHideFlags: 0
  serializedVersion: 2
  m_Modification:
    m_TransformParent: {fileID: 6357013113257414996}
    m_Modifications:
    - target: {fileID: 1186907396561100223, guid: ce5d6a05c3a8a1942895902e29434f94,
        type: 3}
      propertyPath: m_Name
      value: Enemy
      objectReference: {fileID: 0}
    - target: {fileID: 1186907396561100229, guid: ce5d6a05c3a8a1942895902e29434f94,
        type: 3}
      propertyPath: m_LocalPosition.x
      value: 1.9996872
      objectReference: {fileID: 0}
    - target: {fileID: 1186907396561100229, guid: ce5d6a05c3a8a1942895902e29434f94,
        type: 3}
      propertyPath: m_LocalPosition.y
      value: 3.443405
      objectReference: {fileID: 0}
    - target: {fileID: 1186907396561100229, guid: ce5d6a05c3a8a1942895902e29434f94,
        type: 3}
      propertyPath: m_LocalPosition.z
      value: 0
      objectReference: {fileID: 0}
    - target: {fileID: 1186907396561100229, guid: ce5d6a05c3a8a1942895902e29434f94,
        type: 3}
      propertyPath: m_LocalRotation.x
      value: -0
      objectReference: {fileID: 0}
    - target: {fileID: 1186907396561100229, guid: ce5d6a05c3a8a1942895902e29434f94,
        type: 3}
      propertyPath: m_LocalRotation.y
      value: -0
      objectReference: {fileID: 0}
    - target: {fileID: 1186907396561100229, guid: ce5d6a05c3a8a1942895902e29434f94,
        type: 3}
      propertyPath: m_LocalRotation.z
      value: -0
      objectReference: {fileID: 0}
    - target: {fileID: 1186907396561100229, guid: ce5d6a05c3a8a1942895902e29434f94,
        type: 3}
      propertyPath: m_LocalRotation.w
      value: 1
      objectReference: {fileID: 0}
    - target: {fileID: 1186907396561100229, guid: ce5d6a05c3a8a1942895902e29434f94,
        type: 3}
      propertyPath: m_RootOrder
      value: 8
      objectReference: {fileID: 0}
    - target: {fileID: 1186907396561100229, guid: ce5d6a05c3a8a1942895902e29434f94,
        type: 3}
      propertyPath: m_LocalEulerAnglesHint.x
      value: 0
      objectReference: {fileID: 0}
    - target: {fileID: 1186907396561100229, guid: ce5d6a05c3a8a1942895902e29434f94,
        type: 3}
      propertyPath: m_LocalEulerAnglesHint.y
      value: 0
      objectReference: {fileID: 0}
    - target: {fileID: 1186907396561100229, guid: ce5d6a05c3a8a1942895902e29434f94,
        type: 3}
      propertyPath: m_LocalEulerAnglesHint.z
      value: 0
      objectReference: {fileID: 0}
    m_RemovedComponents: []
  m_SourcePrefab: {fileID: 100100000, guid: ce5d6a05c3a8a1942895902e29434f94, type: 3}
--- !u!4 &7427747810645102662 stripped
Transform:
  m_CorrespondingSourceObject: {fileID: 1186907396561100229, guid: ce5d6a05c3a8a1942895902e29434f94,
    type: 3}
  m_PrefabInstance: {fileID: 8605275780313845123}
  m_PrefabAsset: {fileID: 0}
--- !u!1001 &8989235751675924829
PrefabInstance:
  m_ObjectHideFlags: 0
  serializedVersion: 2
  m_Modification:
    m_TransformParent: {fileID: 6357013113257414996}
    m_Modifications:
    - target: {fileID: 2664033062460301728, guid: 3759d6b027858a74c9984cadb4a60ddf,
        type: 3}
      propertyPath: m_Name
      value: EnemySpawnZone
      objectReference: {fileID: 0}
    - target: {fileID: 2664033062460301730, guid: 3759d6b027858a74c9984cadb4a60ddf,
        type: 3}
      propertyPath: m_LocalPosition.x
      value: -0.001
      objectReference: {fileID: 0}
    - target: {fileID: 2664033062460301730, guid: 3759d6b027858a74c9984cadb4a60ddf,
        type: 3}
      propertyPath: m_LocalPosition.y
      value: 3.155
      objectReference: {fileID: 0}
    - target: {fileID: 2664033062460301730, guid: 3759d6b027858a74c9984cadb4a60ddf,
        type: 3}
      propertyPath: m_LocalPosition.z
      value: -2.9179688
      objectReference: {fileID: 0}
    - target: {fileID: 2664033062460301730, guid: 3759d6b027858a74c9984cadb4a60ddf,
        type: 3}
      propertyPath: m_LocalRotation.x
      value: -0
      objectReference: {fileID: 0}
    - target: {fileID: 2664033062460301730, guid: 3759d6b027858a74c9984cadb4a60ddf,
        type: 3}
      propertyPath: m_LocalRotation.y
      value: -0
      objectReference: {fileID: 0}
    - target: {fileID: 2664033062460301730, guid: 3759d6b027858a74c9984cadb4a60ddf,
        type: 3}
      propertyPath: m_LocalRotation.z
      value: -0
      objectReference: {fileID: 0}
    - target: {fileID: 2664033062460301730, guid: 3759d6b027858a74c9984cadb4a60ddf,
        type: 3}
      propertyPath: m_LocalRotation.w
      value: 1
      objectReference: {fileID: 0}
    - target: {fileID: 2664033062460301730, guid: 3759d6b027858a74c9984cadb4a60ddf,
        type: 3}
      propertyPath: m_RootOrder
      value: 2
      objectReference: {fileID: 0}
    - target: {fileID: 2664033062460301730, guid: 3759d6b027858a74c9984cadb4a60ddf,
        type: 3}
      propertyPath: m_LocalEulerAnglesHint.x
      value: 0
      objectReference: {fileID: 0}
    - target: {fileID: 2664033062460301730, guid: 3759d6b027858a74c9984cadb4a60ddf,
        type: 3}
      propertyPath: m_LocalEulerAnglesHint.y
      value: 0
      objectReference: {fileID: 0}
    - target: {fileID: 2664033062460301730, guid: 3759d6b027858a74c9984cadb4a60ddf,
        type: 3}
      propertyPath: m_LocalEulerAnglesHint.z
      value: 0
      objectReference: {fileID: 0}
    - target: {fileID: 2664033062460301730, guid: 3759d6b027858a74c9984cadb4a60ddf,
        type: 3}
      propertyPath: m_LocalScale.x
      value: 5.398
      objectReference: {fileID: 0}
    - target: {fileID: 2664033062460301730, guid: 3759d6b027858a74c9984cadb4a60ddf,
        type: 3}
      propertyPath: m_LocalScale.y
      value: 5.27
      objectReference: {fileID: 0}
    m_RemovedComponents: []
  m_SourcePrefab: {fileID: 100100000, guid: 3759d6b027858a74c9984cadb4a60ddf, type: 3}
--- !u!4 &6357013112200442111 stripped
Transform:
  m_CorrespondingSourceObject: {fileID: 2664033062460301730, guid: 3759d6b027858a74c9984cadb4a60ddf,
    type: 3}
  m_PrefabInstance: {fileID: 8989235751675924829}
  m_PrefabAsset: {fileID: 0}
--- !u!1001 &9053598286826269810
PrefabInstance:
  m_ObjectHideFlags: 0
  serializedVersion: 2
  m_Modification:
    m_TransformParent: {fileID: 6357013113257414996}
    m_Modifications:
    - target: {fileID: 1186907396561100223, guid: ce5d6a05c3a8a1942895902e29434f94,
        type: 3}
      propertyPath: m_Name
      value: Enemy
      objectReference: {fileID: 0}
    - target: {fileID: 1186907396561100229, guid: ce5d6a05c3a8a1942895902e29434f94,
        type: 3}
      propertyPath: m_LocalPosition.x
      value: 1.07
      objectReference: {fileID: 0}
    - target: {fileID: 1186907396561100229, guid: ce5d6a05c3a8a1942895902e29434f94,
        type: 3}
      propertyPath: m_LocalPosition.y
      value: -1.51
      objectReference: {fileID: 0}
    - target: {fileID: 1186907396561100229, guid: ce5d6a05c3a8a1942895902e29434f94,
        type: 3}
      propertyPath: m_LocalPosition.z
      value: 0
      objectReference: {fileID: 0}
    - target: {fileID: 1186907396561100229, guid: ce5d6a05c3a8a1942895902e29434f94,
        type: 3}
      propertyPath: m_LocalRotation.x
      value: -0
      objectReference: {fileID: 0}
    - target: {fileID: 1186907396561100229, guid: ce5d6a05c3a8a1942895902e29434f94,
        type: 3}
      propertyPath: m_LocalRotation.y
      value: -0
      objectReference: {fileID: 0}
    - target: {fileID: 1186907396561100229, guid: ce5d6a05c3a8a1942895902e29434f94,
        type: 3}
      propertyPath: m_LocalRotation.z
      value: -0
      objectReference: {fileID: 0}
    - target: {fileID: 1186907396561100229, guid: ce5d6a05c3a8a1942895902e29434f94,
        type: 3}
      propertyPath: m_LocalRotation.w
      value: 1
      objectReference: {fileID: 0}
    - target: {fileID: 1186907396561100229, guid: ce5d6a05c3a8a1942895902e29434f94,
        type: 3}
      propertyPath: m_RootOrder
      value: 5
      objectReference: {fileID: 0}
    - target: {fileID: 1186907396561100229, guid: ce5d6a05c3a8a1942895902e29434f94,
        type: 3}
      propertyPath: m_LocalEulerAnglesHint.x
      value: 0
      objectReference: {fileID: 0}
    - target: {fileID: 1186907396561100229, guid: ce5d6a05c3a8a1942895902e29434f94,
        type: 3}
      propertyPath: m_LocalEulerAnglesHint.y
      value: 0
      objectReference: {fileID: 0}
    - target: {fileID: 1186907396561100229, guid: ce5d6a05c3a8a1942895902e29434f94,
        type: 3}
      propertyPath: m_LocalEulerAnglesHint.z
      value: 0
      objectReference: {fileID: 0}
    m_RemovedComponents: []
  m_SourcePrefab: {fileID: 100100000, guid: ce5d6a05c3a8a1942895902e29434f94, type: 3}
--- !u!4 &7916319143686812087 stripped
Transform:
  m_CorrespondingSourceObject: {fileID: 1186907396561100229, guid: ce5d6a05c3a8a1942895902e29434f94,
    type: 3}
  m_PrefabInstance: {fileID: 9053598286826269810}
  m_PrefabAsset: {fileID: 0}
