%YAML 1.1
%TAG !u! tag:unity3d.com,2011:
--- !u!1 &8968889160353246931
GameObject:
  m_ObjectHideFlags: 0
  m_CorrespondingSourceObject: {fileID: 0}
  m_PrefabInstance: {fileID: 0}
  m_PrefabAsset: {fileID: 0}
  serializedVersion: 6
  m_Component:
  - component: {fileID: 8968889160353246929}
  - component: {fileID: 8968889160353246928}
  m_Layer: 0
  m_Name: Level2
  m_TagString: Untagged
  m_Icon: {fileID: 0}
  m_NavMeshLayer: 0
  m_StaticEditorFlags: 0
  m_IsActive: 1
--- !u!4 &8968889160353246929
Transform:
  m_ObjectHideFlags: 0
  m_CorrespondingSourceObject: {fileID: 0}
  m_PrefabInstance: {fileID: 0}
  m_PrefabAsset: {fileID: 0}
  m_GameObject: {fileID: 8968889160353246931}
  m_LocalRotation: {x: 0, y: 0, z: 0, w: 1}
  m_LocalPosition: {x: 0, y: 0, z: 0}
  m_LocalScale: {x: 1, y: 1, z: 1}
  m_Children:
  - {fileID: 8968889161261287526}
  - {fileID: 7729328476320605134}
  - {fileID: 1467661149279932325}
  m_Father: {fileID: 0}
  m_RootOrder: 0
  m_LocalEulerAnglesHint: {x: 0, y: 0, z: 0}
--- !u!114 &8968889160353246928
MonoBehaviour:
  m_ObjectHideFlags: 0
  m_CorrespondingSourceObject: {fileID: 0}
  m_PrefabInstance: {fileID: 0}
  m_PrefabAsset: {fileID: 0}
  m_GameObject: {fileID: 8968889160353246931}
  m_Enabled: 1
  m_EditorHideFlags: 0
  m_Script: {fileID: 11500000, guid: 0123bb79dffd7c549913ca535a563ad5, type: 3}
  m_Name: 
  m_EditorClassIdentifier: 
--- !u!1001 &1273217716705949538
PrefabInstance:
  m_ObjectHideFlags: 0
  serializedVersion: 2
  m_Modification:
    m_TransformParent: {fileID: 8968889160353246929}
    m_Modifications:
    - target: {fileID: 429335988041758919, guid: 149de5513f9161c43870188893705cb4,
        type: 3}
      propertyPath: m_LocalPosition.x
      value: 0
      objectReference: {fileID: 0}
    - target: {fileID: 429335988041758919, guid: 149de5513f9161c43870188893705cb4,
        type: 3}
      propertyPath: m_LocalPosition.y
      value: 1.5
      objectReference: {fileID: 0}
    - target: {fileID: 429335988041758919, guid: 149de5513f9161c43870188893705cb4,
        type: 3}
      propertyPath: m_LocalPosition.z
      value: 20
      objectReference: {fileID: 0}
    - target: {fileID: 429335988041758919, guid: 149de5513f9161c43870188893705cb4,
        type: 3}
      propertyPath: m_LocalRotation.x
      value: -0
      objectReference: {fileID: 0}
    - target: {fileID: 429335988041758919, guid: 149de5513f9161c43870188893705cb4,
        type: 3}
      propertyPath: m_LocalRotation.y
      value: -0
      objectReference: {fileID: 0}
    - target: {fileID: 429335988041758919, guid: 149de5513f9161c43870188893705cb4,
        type: 3}
      propertyPath: m_LocalRotation.z
      value: -0
      objectReference: {fileID: 0}
    - target: {fileID: 429335988041758919, guid: 149de5513f9161c43870188893705cb4,
        type: 3}
      propertyPath: m_LocalRotation.w
      value: 1
      objectReference: {fileID: 0}
    - target: {fileID: 429335988041758919, guid: 149de5513f9161c43870188893705cb4,
        type: 3}
      propertyPath: m_RootOrder
      value: 2
      objectReference: {fileID: 0}
    - target: {fileID: 429335988041758919, guid: 149de5513f9161c43870188893705cb4,
        type: 3}
      propertyPath: m_LocalEulerAnglesHint.x
      value: 0
      objectReference: {fileID: 0}
    - target: {fileID: 429335988041758919, guid: 149de5513f9161c43870188893705cb4,
        type: 3}
      propertyPath: m_LocalEulerAnglesHint.y
      value: 0
      objectReference: {fileID: 0}
    - target: {fileID: 429335988041758919, guid: 149de5513f9161c43870188893705cb4,
        type: 3}
      propertyPath: m_LocalEulerAnglesHint.z
      value: 0
      objectReference: {fileID: 0}
    - target: {fileID: 3206958647886948894, guid: 149de5513f9161c43870188893705cb4,
        type: 3}
      propertyPath: m_Name
      value: Cylinder
      objectReference: {fileID: 0}
    m_RemovedComponents: []
  m_SourcePrefab: {fileID: 100100000, guid: 149de5513f9161c43870188893705cb4, type: 3}
--- !u!4 &1467661149279932325 stripped
Transform:
  m_CorrespondingSourceObject: {fileID: 429335988041758919, guid: 149de5513f9161c43870188893705cb4,
    type: 3}
  m_PrefabInstance: {fileID: 1273217716705949538}
  m_PrefabAsset: {fileID: 0}
--- !u!1001 &3238449344440467668
PrefabInstance:
  m_ObjectHideFlags: 0
  serializedVersion: 2
  m_Modification:
    m_TransformParent: {fileID: 8968889160353246929}
    m_Modifications:
    - target: {fileID: 5802516111420033202, guid: 9f2ad1a6f25cf2d45abbfdfd75eb7f9c,
        type: 3}
      propertyPath: m_LocalPosition.x
      value: 0
      objectReference: {fileID: 0}
    - target: {fileID: 5802516111420033202, guid: 9f2ad1a6f25cf2d45abbfdfd75eb7f9c,
        type: 3}
      propertyPath: m_LocalPosition.y
      value: 0
      objectReference: {fileID: 0}
    - target: {fileID: 5802516111420033202, guid: 9f2ad1a6f25cf2d45abbfdfd75eb7f9c,
        type: 3}
      propertyPath: m_LocalPosition.z
      value: 20
      objectReference: {fileID: 0}
    - target: {fileID: 5802516111420033202, guid: 9f2ad1a6f25cf2d45abbfdfd75eb7f9c,
        type: 3}
      propertyPath: m_LocalRotation.x
      value: -0
      objectReference: {fileID: 0}
    - target: {fileID: 5802516111420033202, guid: 9f2ad1a6f25cf2d45abbfdfd75eb7f9c,
        type: 3}
      propertyPath: m_LocalRotation.y
      value: -0
      objectReference: {fileID: 0}
    - target: {fileID: 5802516111420033202, guid: 9f2ad1a6f25cf2d45abbfdfd75eb7f9c,
        type: 3}
      propertyPath: m_LocalRotation.z
      value: -0
      objectReference: {fileID: 0}
    - target: {fileID: 5802516111420033202, guid: 9f2ad1a6f25cf2d45abbfdfd75eb7f9c,
        type: 3}
      propertyPath: m_LocalRotation.w
      value: 1
      objectReference: {fileID: 0}
    - target: {fileID: 5802516111420033202, guid: 9f2ad1a6f25cf2d45abbfdfd75eb7f9c,
        type: 3}
      propertyPath: m_RootOrder
      value: 0
      objectReference: {fileID: 0}
    - target: {fileID: 5802516111420033202, guid: 9f2ad1a6f25cf2d45abbfdfd75eb7f9c,
        type: 3}
      propertyPath: m_LocalEulerAnglesHint.x
      value: 0
      objectReference: {fileID: 0}
    - target: {fileID: 5802516111420033202, guid: 9f2ad1a6f25cf2d45abbfdfd75eb7f9c,
        type: 3}
      propertyPath: m_LocalEulerAnglesHint.y
      value: 0
      objectReference: {fileID: 0}
    - target: {fileID: 5802516111420033202, guid: 9f2ad1a6f25cf2d45abbfdfd75eb7f9c,
        type: 3}
      propertyPath: m_LocalEulerAnglesHint.z
      value: 0
      objectReference: {fileID: 0}
    - target: {fileID: 5802516111420033205, guid: 9f2ad1a6f25cf2d45abbfdfd75eb7f9c,
        type: 3}
      propertyPath: m_Name
      value: Platform
      objectReference: {fileID: 0}
    m_RemovedComponents: []
  m_SourcePrefab: {fileID: 100100000, guid: 9f2ad1a6f25cf2d45abbfdfd75eb7f9c, type: 3}
--- !u!4 &8968889161261287526 stripped
Transform:
  m_CorrespondingSourceObject: {fileID: 5802516111420033202, guid: 9f2ad1a6f25cf2d45abbfdfd75eb7f9c,
    type: 3}
  m_PrefabInstance: {fileID: 3238449344440467668}
  m_PrefabAsset: {fileID: 0}
--- !u!1001 &8968889160740111296
PrefabInstance:
  m_ObjectHideFlags: 0
  serializedVersion: 2
  m_Modification:
    m_TransformParent: {fileID: 8968889160353246929}
    m_Modifications:
    - target: {fileID: 1671946380826025994, guid: 9e6b9d7c79d2a534a8d049c3616e4ca4,
        type: 3}
      propertyPath: m_Name
      value: Box
      objectReference: {fileID: 0}
    - target: {fileID: 1671946380826025998, guid: 9e6b9d7c79d2a534a8d049c3616e4ca4,
        type: 3}
      propertyPath: m_LocalPosition.x
      value: 0
      objectReference: {fileID: 0}
    - target: {fileID: 1671946380826025998, guid: 9e6b9d7c79d2a534a8d049c3616e4ca4,
        type: 3}
      propertyPath: m_LocalPosition.y
      value: 0.5
      objectReference: {fileID: 0}
    - target: {fileID: 1671946380826025998, guid: 9e6b9d7c79d2a534a8d049c3616e4ca4,
        type: 3}
      propertyPath: m_LocalPosition.z
      value: 20
      objectReference: {fileID: 0}
    - target: {fileID: 1671946380826025998, guid: 9e6b9d7c79d2a534a8d049c3616e4ca4,
        type: 3}
      propertyPath: m_LocalRotation.x
      value: -0
      objectReference: {fileID: 0}
    - target: {fileID: 1671946380826025998, guid: 9e6b9d7c79d2a534a8d049c3616e4ca4,
        type: 3}
      propertyPath: m_LocalRotation.y
      value: -0
      objectReference: {fileID: 0}
    - target: {fileID: 1671946380826025998, guid: 9e6b9d7c79d2a534a8d049c3616e4ca4,
        type: 3}
      propertyPath: m_LocalRotation.z
      value: -0
      objectReference: {fileID: 0}
    - target: {fileID: 1671946380826025998, guid: 9e6b9d7c79d2a534a8d049c3616e4ca4,
        type: 3}
      propertyPath: m_LocalRotation.w
      value: 1
      objectReference: {fileID: 0}
    - target: {fileID: 1671946380826025998, guid: 9e6b9d7c79d2a534a8d049c3616e4ca4,
        type: 3}
      propertyPath: m_RootOrder
      value: 1
      objectReference: {fileID: 0}
    - target: {fileID: 1671946380826025998, guid: 9e6b9d7c79d2a534a8d049c3616e4ca4,
        type: 3}
      propertyPath: m_LocalEulerAnglesHint.x
      value: 0
      objectReference: {fileID: 0}
    - target: {fileID: 1671946380826025998, guid: 9e6b9d7c79d2a534a8d049c3616e4ca4,
        type: 3}
      propertyPath: m_LocalEulerAnglesHint.y
      value: 0
      objectReference: {fileID: 0}
    - target: {fileID: 1671946380826025998, guid: 9e6b9d7c79d2a534a8d049c3616e4ca4,
        type: 3}
      propertyPath: m_LocalEulerAnglesHint.z
      value: 0
      objectReference: {fileID: 0}
    m_RemovedComponents: []
  m_SourcePrefab: {fileID: 100100000, guid: 9e6b9d7c79d2a534a8d049c3616e4ca4, type: 3}
--- !u!4 &7729328476320605134 stripped
Transform:
  m_CorrespondingSourceObject: {fileID: 1671946380826025998, guid: 9e6b9d7c79d2a534a8d049c3616e4ca4,
    type: 3}
  m_PrefabInstance: {fileID: 8968889160740111296}
  m_PrefabAsset: {fileID: 0}
